<record xmlns="http://www.openarchives.org/OAI/2.0/" xmlns:xsi="http://www.w3.org/2001/XMLSchema-instance"><header><identifier>oai:alma.34CSIC_INST:990013519890204201</identifier><datestamp>2020-03-13T08:21:41Z</datestamp><setSpec>manuscripta</setSpec></header><metadata><record xmlns="http://www.loc.gov/MARC21/slim" xmlns:xsi="http://www.w3.org/2001/XMLSchema-instance" xsi:schemaLocation="http://www.loc.gov/MARC21/slim http://www.loc.gov/standards/marcxml/schema/MARC21slim.xsd"><leader>07099ntm a2200649 i 4500</leader><controlfield tag="005">20200312133735.0</controlfield><controlfield tag="008">100917suuuu                  000 0 ara d</controlfield><controlfield tag="001">990013519890204201</controlfield><datafield tag="035" ind1=" " ind2=" "><subfield code="a">CSIC001351989</subfield></datafield><datafield tag="035" ind1=" " ind2=" "><subfield code="a">(ES-MaCSI)001351989MAD01-Aleph</subfield></datafield><datafield tag="035" ind1=" " ind2=" "><subfield code="a">(OCoLC)1123846892</subfield></datafield><datafield tag="040" ind1=" " ind2=" "><subfield code="a">ES-MaCSI</subfield><subfield code="b">spa</subfield></datafield><datafield tag="100" ind1="1" ind2=" "><subfield code="a">Mayyāra, Muḥammad b. Aḥmad</subfield><subfield code="d">(1590 ó 91-1661 ó 2).</subfield></datafield><datafield tag="245" ind1="1" ind2="0"><subfield code="a">شرح تحفة الحكام‭</subfield><subfield code="h">[‭Manuscrito]</subfield></datafield><datafield tag="260" ind1=" " ind2=" "><subfield code="c">[S. f.].</subfield></datafield><datafield tag="300" ind1=" " ind2=" "><subfield code="a">388 f. ;</subfield><subfield code="c">21,5 x 16 cm (caja: 17 x 10 cm).</subfield></datafield><datafield tag="490" ind1="1" ind2=" "><subfield code="a">Manuscripta</subfield></datafield><datafield tag="546" ind1=" " ind2=" "><subfield code="a">Arabe</subfield><subfield code="b">Escritura magrebí</subfield></datafield><datafield tag="500" ind1=" " ind2=" "><subfield code="a">Título transliterado: Šarḥ Tuḥfat al-ḥukkām</subfield></datafield><datafield tag="500" ind1=" " ind2=" "><subfield code="a">Título tomado de fuente externa</subfield></datafield><datafield tag="500" ind1=" " ind2=" "><subfield code="a">Distribución: 1 col. La mayor parte del volumen tiene 26 líneas por página.</subfield></datafield><datafield tag="500" ind1=" " ind2=" "><subfield code="a">Material: Papel</subfield></datafield><datafield tag="500" ind1=" " ind2=" "><subfield code="a">Tinta: Negra y roja</subfield></datafield><datafield tag="500" ind1=" " ind2=" "><subfield code="a">‪Incipit: الغالب الصغاير والمباح الذي يقدح في مروءة الإنسان كالأكل في الشوق ونحو ذلك واشترطت فيه</subfield></datafield><datafield tag="500" ind1=" " ind2=" "><subfield code="a">‪Explicit: لهم به قولان واليمين على ظليمها له تعيين</subfield></datafield><datafield tag="500" ind1=" " ind2=" "><subfield code="a">Lugar de escritura: No consta</subfield></datafield><datafield tag="500" ind1=" " ind2=" "><subfield code="a">Copista: No consta</subfield></datafield><datafield tag="500" ind1=" " ind2=" "><subfield code="a">‪Colofón: No consta</subfield></datafield><datafield tag="500" ind1=" " ind2=" "><subfield code="a">Características especiales: Texto sin vocalizar</subfield></datafield><datafield tag="500" ind1=" " ind2=" "><subfield code="a">Ilustración: No</subfield></datafield><datafield tag="500" ind1=" " ind2=" "><subfield code="a">Ilustraciones: Los epígrafes de los capítulos aparecen en un trazo mucho más grande y alargado en tinta roja. También, algunas palabras sueltas, además de los textos en verso, aparecen en tinta roja.</subfield></datafield><datafield tag="500" ind1=" " ind2=" "><subfield code="a">Tipo de cuaderno: 43 cuads.: 2 bifolios, 2 biniones, 1 ternión, 5 cuaterniones, 32 quiniones y 1 quinión incompleto al que le faltan los 2 antepenúltimos folios, más 2 folios sueltos.</subfield></datafield><datafield tag="500" ind1=" " ind2=" "><subfield code="a">Deterioros: Buen estado del texto. Carece de encuadernación y los cuadernos están sueltos (no se habían cosido con anterioridad). Además se advierte en algunos folios arrugas, manchas, pliegues, exfoliaciones y degradaciones leves de tinta que no afectan a la legibilidad del texto</subfield></datafield><datafield tag="500" ind1=" " ind2=" "><subfield code="a">H en blanco: No</subfield></datafield><datafield tag="500" ind1=" " ind2=" "><subfield code="a">H dañadas: No</subfield></datafield><datafield tag="500" ind1=" " ind2=" "><subfield code="a">H faltan o añadidas: H faltan: no se puede determinar con seguridad el número de folios que le faltan.</subfield></datafield><datafield tag="500" ind1=" " ind2=" "><subfield code="a">Foliación: Sin foliación original. - Foliación moderna a lápiz hecha por Naima Anahnah (2010)</subfield></datafield><datafield tag="500" ind1=" " ind2=" "><subfield code="a">Reclamos: Reclamos en tinta negra en el centro del margen inferior de todos los folios verso.</subfield></datafield><datafield tag="500" ind1=" " ind2=" "><subfield code="a">Sign. cuad.: No</subfield></datafield><datafield tag="500" ind1=" " ind2=" "><subfield code="a">Pautado: No</subfield></datafield><datafield tag="500" ind1=" " ind2=" "><subfield code="a">Filigrana: GHIGLLIOTTJ en letras mayúsculas ahuecadas. Flor de ocho pétalos y debajo la palabra GIUSEPPE en letras mayúsculas ahuecadas. Los pétalos de la flor tienen forma de rombo pero no se unen en el centro. Letras “GG” en mayúsculas ahuecadas (contra-filigranas). Torre con puerta y torreón, bordeado por ramas (debajo del escudo hay una palabra que por la humedad de los folios no se puede leer correctamente). FABIANI en letras mayúsculas ahuecadas. Al Vivo en letra cursiva. Ave levantando el vuelo con un lazo en el pico que le bordea. Escudo dividido por una línea horizontal en dos mitades y acabado en corona de cinco picos con perlas. En la mitad superior tres medias lunas con los picos orientados hacia arriba y en el interior de la mitad inferior gacela o cervatillo con tres flechas clavadas (debajo del escudo hay una palabra que por la humedad de los folios no se puede leer correctamente). Escudo similar al anterior pero de dimensiones más reducidas. Dos contra-filigranas enfrentadas: una es, una campana con corona de tres picos y la otra, una circunferencia con un dibujo en el interior que no se puede ver con claridad. Escudo con tres estrellas de seis puntas en el interior y acabado en corona de cinco picos con perlas (debajo del escudo hay una palabra que por la humedad de los folios no se puede leer correctamente).</subfield></datafield><datafield tag="563" ind1=" " ind2=" "><subfield code="a">Encuadernación: Carece de encuadernación</subfield></datafield><datafield tag="541" ind1=" " ind2=" "><subfield code="a">Procedencia: Escuela de Estudios Árabes</subfield><subfield code="c">[Carlos Quirós Rodríguez]</subfield><subfield code="d">[198-?]</subfield></datafield><datafield tag="500" ind1=" " ind2=" "><subfield code="a">Signatura antigua: No</subfield></datafield><datafield tag="500" ind1=" " ind2=" "><subfield code="a">Anotaciones: En el margen superior del folio 1r aparece escrito a lápiz color rosado en caracteres latinos dividido en dos renglones el siguiente epígrafe: “Comentario de (segundo renglón) Tuhfa de Ibn Asim (primer renglón)”. Escasas anotaciones marginales en tinta negra, de la mano del mismo copista. Casi la totalidad de las anotaciones son comentarios sobre el contenido de la obra y están encabezadas con la palabra قف en tinta negra la mayoría de las ocasiones, aunque aparecen algunas en tinta roja. Esporádicamente en las esquinas superiores izquierdas de los folios recto y derechas de los folios verso se lee en tinta negra unas veces اللهم صلى على سيدنا محمّد وآله y otras وصلى الله على سيدنا محمّد وآله وصحبه وسلم.</subfield></datafield><datafield tag="510" ind1=" " ind2=" "><subfield code="a">No</subfield></datafield><datafield tag="581" ind1=" " ind2=" "><subfield code="a">Descripción: No</subfield></datafield><datafield tag="530" ind1=" " ind2=" "><subfield code="a">Otros soportes: No</subfield></datafield><datafield tag="581" ind1=" " ind2=" "><subfield code="a">Edición: No</subfield></datafield><datafield tag="520" ind1="2" ind2=" "><subfield code="a">Contenido: Šarḥ Tuḥfat al-ḥukkām [Incompleto, acéfalo y ápodo]</subfield></datafield><datafield tag="650" ind1=" " ind2="7"><subfield code="a">Derecho islámico</subfield><subfield code="v">Manuscritos.</subfield><subfield code="2">CSICAU</subfield></datafield><datafield tag="600" ind1="1" ind2="7"><subfield code="a">Ibn `Āṣim, Muḥammad b. Muḥammad</subfield><subfield code="d">(1359-1426)</subfield><subfield code="t">Tuḥfat al-ḥukkām fi nukat al-ʽuqūd wa-l-aḥkām</subfield><subfield code="x">Crítica e interpretación</subfield><subfield code="v">Manuscritos</subfield><subfield code="2">CSICAU</subfield></datafield><datafield tag="740" ind1="0" ind2=" "><subfield code="a">Šarḥ Tuḥfat al-ḥukkām</subfield></datafield><datafield tag="830" ind1=" " ind2="0"><subfield code="a">Manuscripta</subfield></datafield><datafield tag="856" ind1="4" ind2="1"><subfield code="u">http://aleph.csic.es/imagenes/mad01/0006_PMSC/P_001351989_787421_V00.pdf</subfield><subfield code="z">Descargar Pdf completo (71M)</subfield><subfield code="m">CSIC</subfield></datafield><datafield tag="856" ind1="4" ind2="1"><subfield code="u">http://simurg.bibliotecas.csic.es/viewer/image/CSIC001351989/1/</subfield><subfield code="z">Ver texto completo en SIMURG, el portal de fondos digitalizados del CSIC</subfield><subfield code="m">CSIC</subfield></datafield><datafield tag="856" ind1="4" ind2="1"><subfield code="u">http://aleph.csic.es/imagenes/mad01/0006_PMSC/html/001351989.html</subfield><subfield code="z">Ver texto completo en Bookreader</subfield></datafield></record></metadata></record>